<?xml version="1.0" encoding="utf-8"?>
<record xmlns="http://www.loc.gov/MARC21/slim" xmlns:xsi="http://www.w3.org/2001/XMLSchema-instance" xsi:schemaLocation="http://www.loc.gov/MARC21/slim http://www.loc.gov/standards/marcxml/schema/MARC21slim.xsd">
	<leader>     nam a22     Mi 4500</leader>
	<controlfield tag="001">862653</controlfield>
	<controlfield tag="003">NjP</controlfield>
	<controlfield tag="006">m        d        </controlfield>
	<controlfield tag="007">cr cn |||m|||a</controlfield>
	<controlfield tag="008">210211s1868    le      o     000 0cara d</controlfield>
	<datafield ind1=" " ind2=" " tag="040">
		<subfield code="a">ZYU</subfield>
		<subfield code="b">ara</subfield>
		<subfield code="e">rda</subfield>
		<subfield code="c">ZYU</subfield>
	</datafield>
	<datafield ind1="1" ind2=" " tag="100">
		<subfield code="6">880-01</subfield>
		<subfield code="a">Maẓlūm, Maksīmūs ibn Jurjis,</subfield>
		<subfield code="d">1779 or 1780-1854 or 1855.</subfield>
	</datafield>
	<datafield ind1="1" ind2="0" tag="240">
		<subfield code="6">880-02</subfield>
		<subfield code="a">Kanz al-ʻibād al-thamīn fī akhbār al-qiddīsīn</subfield>
	</datafield>
	<datafield ind1="1" ind2="0" tag="245">
		<subfield code="6">880-03</subfield>
		<subfield code="a">Kitāb Kanz al-ʻibād al-thamīn fī akhbār al-qiddīsīn /</subfield>
		<subfield code="c">taʼlīf al-Sayyid Maksīmūs Maẓlūm Baṭriyark ṭāʼifat al-Rūm al-Malkīyīn al-Kāthūlīkīyīn.</subfield>
	</datafield>
	<datafield ind1="3" ind2=" " tag="246">
		<subfield code="6">880-04</subfield>
		<subfield code="a">Kanz al-ʻibād al-thamīn fī akhbār al-qiddīsīn</subfield>
	</datafield>
	<datafield ind1=" " ind2=" " tag="250">
		<subfield code="6">880-05</subfield>
		<subfield code="a">Ṭabʻah 2.</subfield>
	</datafield>
	<datafield ind1=" " ind2=" " tag="260">
		<subfield code="6">880-06</subfield>
		<subfield code="a">[Beirut] :</subfield>
		<subfield code="b">Maṭbaʻat Ḥannā al-Najjār,</subfield>
		<subfield code="c">1868.</subfield>
	</datafield>
	<datafield ind1=" " ind2=" " tag="300">
		<subfield code="a">online resource (volumes)</subfield>
	</datafield>
	<datafield ind1=" " ind2=" " tag="336">
		<subfield code="a">text</subfield>
		<subfield code="2">rdacontent</subfield>
	</datafield>
	<datafield ind1=" " ind2=" " tag="337">
		<subfield code="a">computer</subfield>
		<subfield code="2">rdamedia</subfield>
	</datafield>
	<datafield ind1=" " ind2=" " tag="338">
		<subfield code="a">online resource</subfield>
		<subfield code="2">rdacarrier</subfield>
	</datafield>
	<datafield ind1=" " ind2=" " tag="500">
		<subfield code="a">&quot;Al-Mujallad al-thānī yashtamil ʻalá akhbār al-qiddīsīn al-mudawwanah asmāʼuhum wa-akhbāruhum fī al-mīnāwun al-Yūnānī wa-al-ʻAarabi.&quot;</subfield>
	</datafield>
	<datafield ind1=" " ind2=" " tag="500">
		<subfield code="a">Part of the Arabic Collections Online (ACO) project, contributed by Princeton University Libraries.</subfield>
	</datafield>
	<datafield ind1=" " ind2=" " tag="533">
		<subfield code="a">Electronic reproduction.</subfield>
		<subfield code="b">New York, N.Y. :</subfield>
		<subfield code="c">New York University,</subfield>
		<subfield code="d">2021.</subfield>
		<subfield code="5">NNU</subfield>
	</datafield>
	<datafield ind1=" " ind2="0" tag="650">
		<subfield code="a">Christian saints</subfield>
		<subfield code="v">Biography.</subfield>
	</datafield>
	<datafield ind1=" " ind2="7" tag="650">
		<subfield code="a">Christian saints.</subfield>
		<subfield code="2">fast</subfield>
		<subfield code="0">(OCoLC)fst00859491</subfield>
	</datafield>
	<datafield ind1=" " ind2="7" tag="655">
		<subfield code="a">Biographies.</subfield>
		<subfield code="2">fast</subfield>
		<subfield code="0">(OCoLC)fst01919896</subfield>
	</datafield>
	<datafield ind1="2" ind2=" " tag="710">
		<subfield code="a">Princeton University.</subfield>
		<subfield code="b">Library.</subfield>
	</datafield>
	<datafield ind1="0" ind2=" " tag="730">
		<subfield code="a">Arabic Collections Online.</subfield>
	</datafield>
	<datafield ind1="0" ind2="8" tag="776">
		<subfield code="i">Online version:</subfield>
		<subfield code="a">Maẓlūm, Maksīmūs ibn Jurjis, 1779 or 80-1854 or 5.</subfield>
		<subfield code="s">Kanz al-ʻibād al-thamīn fī akhbār al-qiddīsīn.</subfield>
		<subfield code="t">Kitāb Kanz al-ʻibād al-thamīn fī akhbār al-qiddīsīn.</subfield>
		<subfield code="b">Ṭabʻah 2.</subfield>
		<subfield code="d">[Beirut] : Maṭbaʻat Ḥannā al-Najjār, 1868</subfield>
		<subfield code="w">(OCoLC)663183763</subfield>
	</datafield>
	<datafield ind1="0" ind2="8" tag="776">
		<subfield code="i">Print version:</subfield>
		<subfield code="a">Maẓlūm, Maksīmūs ibn Jurjis, 1779 or 1780-1854 or 1855.</subfield>
		<subfield code="t">Kitāb Kanz al-ʻibād al-thamīn fī akhbār al-qiddīsīn</subfield>
		<subfield code="w">(NjP)862653</subfield>
		<subfield code="w">(OCoLC)29834579</subfield>
	</datafield>
	<datafield ind1="4" ind2="0" tag="856">
		<subfield code="u">http://hdl.handle.net/2333.1/z08kq2tz</subfield>
	</datafield>
	<datafield ind1="1" ind2=" " tag="880">
		<subfield code="6">100-01</subfield>
		<subfield code="a">مظلوم، مكسيموس بن جرجس،</subfield>
		<subfield code="d">1779 or 1780-1854 or 1855.</subfield>
	</datafield>
	<datafield ind1="1" ind2="0" tag="880">
		<subfield code="6">240-02</subfield>
		<subfield code="a">كنز العباد الثمين في اخبار القديسين</subfield>
	</datafield>
	<datafield ind1="1" ind2="0" tag="880">
		<subfield code="6">245-03</subfield>
		<subfield code="a">كتاب كنز العباد الثمين في اخبار القديسين /</subfield>
		<subfield code="c">تأليف السيد مكسيموس مظلوم بطريرك طائفة الروم الملكيين الكاثوليكيين.</subfield>
	</datafield>
	<datafield ind1="3" ind2=" " tag="880">
		<subfield code="6">246-04</subfield>
		<subfield code="a">كنز العباد الثمين في اخبار القديسين</subfield>
	</datafield>
	<datafield ind1=" " ind2=" " tag="880">
		<subfield code="6">250-05</subfield>
		<subfield code="a">طبعة 2.</subfield>
	</datafield>
	<datafield ind1=" " ind2=" " tag="880">
		<subfield code="6">260-06</subfield>
		<subfield code="a">[بيروت] :</subfield>
		<subfield code="b">مطبعة حنا النجار،</subfield>
		<subfield code="c">1868.</subfield>
	</datafield>
	<datafield ind1=" " ind2=" " tag="959">
		<subfield code="a">NNU</subfield>
		<subfield code="b">WEB</subfield>
		<subfield code="c">GENI</subfield>
		<subfield code="t">0</subfield>
		<subfield code="m">Electronic access</subfield>
		<subfield code="s">01</subfield>
	</datafield>
	<datafield ind1=" " ind2=" " tag="999">
		<subfield code="i">NjP_862653</subfield>
		<subfield code="o">(OCoLC)ocm29834579</subfield>
		<subfield code="s">princeton_aco004618:</subfield>
		<subfield code="e">(ERROR-880)(ERROR-MISC)</subfield>
		<subfield code="s">princeton_aco004618:</subfield>
	</datafield>
</record>
